@Misc{hid-sp18-526-docker-survey,
  author    = {{Docker}},
  title     = {The Evolution Of The Modern Software Supply Chain},
  subtitle  = {The Docker Survey, 2016},
  year      = {2016},
  url       = {https://www.docker.com/survey-2016}
}
